<?xml version="1.0" encoding="UTF-8"?><collection xmlns="http://www.loc.gov/MARC21/slim"><record><leader>00475nam--2200193-u-4500</leader><controlfield tag="001">000055772</controlfield><controlfield tag="002">20161230</controlfield><controlfield tag="005">20161230201052</controlfield><controlfield tag="008">130416s1000------------r-----000-0-fre-d</controlfield><datafield ind1=" " ind2=" " tag="040"><subfield code="a">IFIN-HH</subfield></datafield><datafield ind1=" " ind2=" " tag="041"><subfield code="a">fre</subfield></datafield><datafield ind1=" " ind2=" " tag="080"><subfield code="a">53.0.145</subfield></datafield><datafield ind1="1" ind2=" " tag="100"><subfield code="a">Dejardin, Georges</subfield></datafield><datafield ind1="1" ind2="0" tag="245"><subfield code="a">Les quanta</subfield><subfield code="c">Georges dejardin</subfield></datafield><datafield ind1=" " ind2=" " tag="260"><subfield code="a">Paris</subfield><subfield code="b">Librairie Armand Colin</subfield><subfield code="c">1930</subfield></datafield><datafield ind1=" " ind2=" " tag="300"><subfield code="a">224P</subfield></datafield><datafield ind1=" " ind2=" " tag="490"><subfield code="a">Collection Armand Colin</subfield></datafield><datafield ind1=" " ind2=" " tag="852"><subfield code="a">44644</subfield><subfield code="c">H.H</subfield></datafield><datafield ind1=" " ind2=" " tag="CAT"><subfield code="a">Sys</subfield><subfield code="c">20130416</subfield><subfield code="h">152723</subfield></datafield></record></collection>